<record><leader>00000cas a2200000 a 4500</leader><controlfield tag="001">11151058</controlfield><controlfield tag="008">840913c19769999nyuwr ne      0   a0eng c</controlfield><datafield ind1=" " ind2=" " tag="010"><subfield code="a">sn 84031048 </subfield></datafield><datafield ind1=" " ind2=" " tag="040"><subfield code="a">NYG</subfield><subfield code="b">eng</subfield><subfield code="c">NYG</subfield><subfield code="d">NSD</subfield><subfield code="d">NYS</subfield><subfield code="d">OCLCQ</subfield><subfield code="d">OCLCF</subfield><subfield code="d">OCLCO</subfield></datafield><datafield ind1=" " ind2=" " tag="012"><subfield code="l">1</subfield></datafield><datafield ind1="1" ind2=" " tag="022"><subfield code="a">0889-8677</subfield><subfield code="l">0889-8677</subfield><subfield code="2">1</subfield></datafield><datafield ind1="1" ind2=" " tag="029"><subfield code="a">AU@</subfield><subfield code="b">000021576729</subfield></datafield><datafield ind1=" " ind2=" " tag="042"><subfield code="a">pcc</subfield><subfield code="a">nsdp</subfield></datafield><datafield ind1=" " ind2=" " tag="043"><subfield code="a">n-us-ny</subfield></datafield><datafield ind1=" " ind2="4" tag="050"><subfield code="a">AN2</subfield><subfield code="b">.V54</subfield></datafield><datafield ind1="0" ind2=" " tag="130"><subfield code="a">Village times (Setauket, N.Y.)</subfield></datafield><datafield ind1=" " ind2="4" tag="222"><subfield code="a">The Village times</subfield></datafield><datafield ind1="0" ind2="4" tag="245"><subfield code="a">The Village times.</subfield></datafield><datafield ind1="1" ind2="3" tag="246"><subfield code="a">Times-beacon newspapers</subfield></datafield><datafield ind1=" " ind2=" " tag="260"><subfield code="a">East Setauket, N.Y. :</subfield><subfield code="b">Village Times, Inc.,</subfield><subfield code="c">1976-</subfield></datafield><datafield ind1=" " ind2=" " tag="300"><subfield code="a">v.</subfield></datafield><datafield ind1=" " ind2=" " tag="310"><subfield code="a">Weekly</subfield></datafield><datafield ind1="0" ind2=" " tag="362"><subfield code="a">Vol. 1, no. 1 (Apr. 8, 1976)-</subfield></datafield><datafield ind1=" " ind2=" " tag="500"><subfield code="a">"Stony Brook, Old Field, Setauket, East Setauket, Poquot."</subfield></datafield><datafield ind1=" " ind2="0" tag="651"><subfield code="a">Setauket (N.Y.)</subfield><subfield code="v">Newspapers.</subfield></datafield><datafield ind1=" " ind2="0" tag="651"><subfield code="a">Stony Brook (N.Y.)</subfield><subfield code="v">Newspapers.</subfield></datafield><datafield ind1=" " ind2="4" tag="651"><subfield code="a">Old Field (N.Y.)</subfield><subfield code="v">Newspapers.</subfield></datafield><datafield ind1=" " ind2="0" tag="651"><subfield code="a">Suffolk County (N.Y.)</subfield><subfield code="v">Newspapers.</subfield></datafield><datafield ind1=" " ind2="7" tag="655"><subfield code="a">Newspapers.</subfield><subfield code="2">fast</subfield><subfield code="0">(OCoLC)fst01423814</subfield></datafield><datafield ind1=" " ind2="7" tag="651"><subfield code="a">New York (State)</subfield><subfield code="z">Setauket.</subfield><subfield code="2">fast</subfield><subfield code="0">(OCoLC)fst01237549</subfield></datafield><datafield ind1=" " ind2="7" tag="651"><subfield code="a">New York (State)</subfield><subfield code="z">Stony Brook.</subfield><subfield code="2">fast</subfield><subfield code="0">(OCoLC)fst01204802</subfield></datafield><datafield ind1=" " ind2="7" tag="651"><subfield code="a">New York (State)</subfield><subfield code="z">Suffolk County.</subfield><subfield code="2">fast</subfield><subfield code="0">(OCoLC)fst01207260</subfield></datafield><datafield ind1=" " ind2=" " tag="752"><subfield code="a">United States</subfield><subfield code="b">New York</subfield><subfield code="c">Suffolk</subfield><subfield code="d">Setauket.</subfield></datafield><datafield ind1=" " ind2=" " tag="936"><subfield code="a">Vol. 17, no. 52 (Mar. 18, 1993) LIC</subfield></datafield></record>